<?xml version="1.0" encoding="UTF-8"?><record xmlns="http://www.loc.gov/MARC21/slim" xmlns:cinclude="http://apache.org/cocoon/include/1.0" xmlns:zs="http://www.loc.gov/zing/srw/">
  <leader>00651nz  a2200145n  4500</leader>
  <controlfield tag="001">n  81151047 </controlfield>
  <controlfield tag="003">DLC</controlfield>
  <controlfield tag="005">19840322000000.0</controlfield>
  <controlfield tag="008">820104n| acannaab|          |a ana ||| c</controlfield>
  <datafield tag="010" ind1=" " ind2=" ">
    <subfield code="a">n  81151047 </subfield>
  </datafield>
  <datafield tag="040" ind1=" " ind2=" ">
    <subfield code="a">DGPO</subfield>
    <subfield code="c">DLC</subfield>
  </datafield>
  <datafield tag="110" ind1="2" ind2="0">
    <subfield code="a">Southern Hardwoods Laboratory (Stoneville, Miss.)</subfield>
  </datafield>
  <datafield tag="410" ind1="1" ind2="0">
    <subfield code="a">Stoneville (Miss.).</subfield>
    <subfield code="b">Southern Hardwoods Laboratory</subfield>
  </datafield>
  <datafield tag="410" ind1="2" ind2="0">
    <subfield code="a">Southern Forest Experiment Station (New Orleans, La.).</subfield>
    <subfield code="b">Southern Hardwoods Laboratory</subfield>
  </datafield>
  <datafield tag="670" ind1=" " ind2=" ">
    <subfield code="a">Hay, C.J. A selective bibliography on ... 1981? (a.e.)</subfield>
    <subfield code="b">t.p. (Southern Hardwoods Laboratory, Southern Forest Experiment Station, U.S. Department of Agriculture, Forest Service, Stoneville, Miss.)</subfield>
  </datafield>
</record>